@book{Montgomery2012,
author = {Montgomery, Douglas C and Peck, Elizabeth A and Vining, G Geoffrey},
edition = {5},
isbn = {978-0-470-54281-1},
publisher = {Wiley-Interscience},
title = {{Introduction to Linear Regression Analysis}},
year = {2012}
}
